<record><leader>00000cas a22000007a 4500</leader><controlfield tag="001">11753245</controlfield><controlfield tag="008">850301d18461854nyuwr ne      0   a0eng d</controlfield><datafield ind1=" " ind2=" " tag="010"><subfield code="a">sn 85054243 </subfield></datafield><datafield ind1=" " ind2=" " tag="040"><subfield code="a">NYG</subfield><subfield code="b">eng</subfield><subfield code="c">NYG</subfield><subfield code="d">NPX</subfield><subfield code="d">PPM</subfield><subfield code="d">NSD</subfield><subfield code="d">NYS</subfield><subfield code="d">OCL</subfield><subfield code="d">OCLCQ</subfield><subfield code="d">OCLCF</subfield><subfield code="d">OCLCO</subfield></datafield><datafield ind1="1" ind2=" " tag="022"><subfield code="a">1054-3759</subfield><subfield code="l">1054-3759</subfield><subfield code="2">1</subfield></datafield><datafield ind1="1" ind2=" " tag="029"><subfield code="a">AU@</subfield><subfield code="b">000020126607</subfield></datafield><datafield ind1=" " ind2=" " tag="042"><subfield code="a">msc</subfield><subfield code="a">nsdp</subfield></datafield><datafield ind1=" " ind2=" " tag="043"><subfield code="a">n-us-ny</subfield></datafield><datafield ind1="0" ind2=" " tag="130"><subfield code="a">Democratic union (Watertown, N.Y.)</subfield></datafield><datafield ind1=" " ind2="0" tag="222"><subfield code="a">Democratic union</subfield><subfield code="b">(Watertown, N.Y.)</subfield></datafield><datafield ind1="1" ind2="4" tag="245"><subfield code="a">The Democratic union.</subfield></datafield><datafield ind1=" " ind2=" " tag="260"><subfield code="a">Watertown, Jefferson Co., N.Y. :</subfield><subfield code="b">Andrews &amp; Swindells,</subfield><subfield code="c">1846-</subfield></datafield><datafield ind1=" " ind2=" " tag="300"><subfield code="a">v. ;</subfield><subfield code="c">68 cm.</subfield></datafield><datafield ind1=" " ind2=" " tag="310"><subfield code="a">Weekly</subfield></datafield><datafield ind1="0" ind2=" " tag="362"><subfield code="a">Vol. 1, no. 1 (Aug. 29, 1846)-</subfield></datafield><datafield ind1="1" ind2=" " tag="362"><subfield code="a">Ceased in 1854.</subfield><subfield code="z">Cf. Watertown re-union, Sept. 7, 1876.</subfield></datafield><datafield ind1=" " ind2=" " tag="500"><subfield code="a">Published by: Thomas Andrews, Sept. 10, 1854- ; and by: John A. Haddock, &lt;1850&gt;; and by: George M. Brown, &lt;1854&gt;.</subfield></datafield><datafield ind1=" " ind2=" " tag="588"><subfield code="a">Latest issue consulted: Vol. 8, no. 52 (Aug. 30, 1854).</subfield></datafield><datafield ind1=" " ind2="0" tag="651"><subfield code="a">Watertown (N.Y.)</subfield><subfield code="v">Newspapers.</subfield></datafield><datafield ind1=" " ind2="0" tag="651"><subfield code="a">Jefferson County (N.Y.)</subfield><subfield code="v">Newspapers.</subfield></datafield><datafield ind1=" " ind2="7" tag="655"><subfield code="a">Newspapers.</subfield><subfield code="2">fast</subfield><subfield code="0">(OCoLC)fst01423814</subfield></datafield><datafield ind1=" " ind2="7" tag="651"><subfield code="a">New York (State)</subfield><subfield code="z">Jefferson County.</subfield><subfield code="2">fast</subfield><subfield code="0">(OCoLC)fst01209430</subfield></datafield><datafield ind1=" " ind2="7" tag="651"><subfield code="a">New York (State)</subfield><subfield code="z">Watertown.</subfield><subfield code="2">fast</subfield><subfield code="0">(OCoLC)fst01221269</subfield></datafield><datafield ind1=" " ind2=" " tag="752"><subfield code="a">United States</subfield><subfield code="b">New York</subfield><subfield code="c">Jefferson</subfield><subfield code="d">Watertown.</subfield></datafield><datafield ind1="0" ind2="7" tag="785"><subfield code="t">Jeffersonian (Watertown, N.Y. : 1853)</subfield><subfield code="w">(DLC)sn 94057718</subfield><subfield code="w">(OCoLC)29973985</subfield></datafield><datafield ind1="0" ind2="7" tag="785"><subfield code="t">Jefferson union</subfield><subfield code="w">(DLC)sn 94057719</subfield><subfield code="w">(OCoLC)29974349</subfield></datafield></record>